@article{nazeri2019edgeconnect,
  title={Edgeconnect: Generative image inpainting with adversarial edge learning},
  author={Nazeri, Kamyar and Ng, Eric and Joseph, Tony and Qureshi, Faisal Z and Ebrahimi, Mehran},
  journal={arXiv preprint arXiv:1901.00212},
  year={2019}
}

@inproceedings{xia2023diffir,
  title={Diffir: Efficient diffusion model for image restoration},
  author={Xia, Bin and Zhang, Yulun and Wang, Shiyin and Wang, Yitong and Wu, Xinglong and Tian, Yapeng and Yang, Wenming and Van Gool, Luc},
  booktitle={Proceedings of the IEEE/CVF International Conference on Computer Vision},
  pages={13095--13105},
  year={2023}
}

@article{zhou2017places,
  title={Places: A 10 million image database for scene recognition},
  author={Zhou, Bolei and Lapedriza, Agata and Khosla, Aditya and Oliva, Aude and Torralba, Antonio},
  journal={IEEE transactions on pattern analysis and machine intelligence},
  volume={40},
  number={6},
  pages={1452--1464},
  year={2017},
  publisher={IEEE}
}

@article{heusel2017gans,
  title={Gans trained by a two time-scale update rule converge to a local nash equilibrium},
  author={Heusel, Martin and Ramsauer, Hubert and Unterthiner, Thomas and Nessler, Bernhard and Hochreiter, Sepp},
  journal={Advances in neural information processing systems},
  volume={30},
  year={2017}
}